<record><leader>00000cas a22000007a 4500</leader><controlfield tag="001">41407580</controlfield><controlfield tag="008">990521d19531980tnuir ne      0    0eng d</controlfield><datafield ind1=" " ind2=" " tag="010"><subfield code="a">sn 99065829 </subfield></datafield><datafield ind1=" " ind2=" " tag="040"><subfield code="a">TGN</subfield><subfield code="b">eng</subfield><subfield code="c">TGN</subfield><subfield code="d">OCLCQ</subfield><subfield code="d">OCLCF</subfield><subfield code="d">OCLCO</subfield></datafield><datafield ind1="1" ind2=" " tag="029"><subfield code="a">AU@</subfield><subfield code="b">000020123866</subfield></datafield><datafield ind1=" " ind2=" " tag="042"><subfield code="a">msc</subfield></datafield><datafield ind1=" " ind2=" " tag="043"><subfield code="a">n-us-tn</subfield></datafield><datafield ind1="0" ind2=" " tag="130"><subfield code="a">Gatlinburg press (Gatlinburg, Tenn. : 1953)</subfield></datafield><datafield ind1="1" ind2="4" tag="245"><subfield code="a">The Gatlinburg press.</subfield></datafield><datafield ind1=" " ind2=" " tag="260"><subfield code="a">Gatlinburg, Tenn. :</subfield><subfield code="b">Mountain Press,</subfield><subfield code="c">-1980.</subfield></datafield><datafield ind1=" " ind2=" " tag="300"><subfield code="a">v.</subfield></datafield><datafield ind1=" " ind2=" " tag="310"><subfield code="a">Three times a week,</subfield><subfield code="b">Oct. 1, 1979-Dec. 31, 1980</subfield></datafield><datafield ind1=" " ind2=" " tag="321"><subfield code="a">Weekly,</subfield><subfield code="b">Feb. &lt;19&gt;, 1953-Nov. 1, 1973</subfield></datafield><datafield ind1=" " ind2=" " tag="321"><subfield code="a">Semiweekly,</subfield><subfield code="b">Nov. 6, 1973-Sept. 27, 1979</subfield></datafield><datafield ind1="1" ind2=" " tag="362"><subfield code="a">Began in Feb. 1953.</subfield></datafield><datafield ind1="0" ind2=" " tag="362"><subfield code="a">-32nd year, no. 33 (Dec. 31, 1980).</subfield></datafield><datafield ind1=" " ind2=" " tag="580"><subfield code="a">Merged with: Sevierville, Sevier County news-record, to form: Sevierville, Sevier County news-record and Gatlinburg press.</subfield></datafield><datafield ind1=" " ind2=" " tag="588"><subfield code="a">Description based on: Vol. 6, no. 22 (Feb. 19, 1953).</subfield></datafield><datafield ind1=" " ind2="0" tag="651"><subfield code="a">Gatlinburg (Tenn.)</subfield><subfield code="v">Newspapers.</subfield></datafield><datafield ind1=" " ind2="0" tag="651"><subfield code="a">Sevier County (Tenn.)</subfield><subfield code="v">Newspapers.</subfield></datafield><datafield ind1=" " ind2="7" tag="655"><subfield code="a">Newspapers.</subfield><subfield code="2">fast</subfield><subfield code="0">(OCoLC)fst01423814</subfield></datafield><datafield ind1=" " ind2="7" tag="651"><subfield code="a">Tennessee</subfield><subfield code="z">Gatlinburg.</subfield><subfield code="2">fast</subfield><subfield code="0">(OCoLC)fst01208259</subfield></datafield><datafield ind1=" " ind2="7" tag="651"><subfield code="a">Tennessee</subfield><subfield code="z">Sevier County.</subfield><subfield code="2">fast</subfield><subfield code="0">(OCoLC)fst01223224</subfield></datafield><datafield ind1=" " ind2=" " tag="752"><subfield code="a">United States</subfield><subfield code="b">Tennessee</subfield><subfield code="c">Sevier</subfield><subfield code="d">Gatlinburg.</subfield></datafield><datafield ind1="0" ind2="0" tag="780"><subfield code="t">Press (Gatlinburg, Tenn.)</subfield><subfield code="w">(DLC)sn 99065828</subfield></datafield><datafield ind1="1" ind2="7" tag="785"><subfield code="t">Sevierville, Sevier County news-record</subfield><subfield code="w">(DLC)sn 99065818</subfield></datafield><datafield ind1="1" ind2="7" tag="785"><subfield code="t">Sevierville, Sevier County news-record and Gatlinburg press</subfield><subfield code="w">(DLC)sn 99065819</subfield></datafield></record>